@article{gazolazecuaciones,
  title={LAS ECUACIONES DE {N}AVIER-{S}TOKES},
  author={Gazolaz, Diego C{\'o}rdoba},
  year={2011}
}

@article{vazquez2003fundamentos,
  title={Fundamentos matem{\'a}ticos de la mec{\'a}nica de fluidos},
  author={V{\'a}zquez, Juan Luis},
  journal={Madrid: Departamento de Matem{\'a}ticas-Universidad Aut{\'o}noma de Madrid},
  year={2003}
}

@book{adams2003sobolev,
  title={Sobolev spaces},
  author={Adams, Robert A and Fournier, John JF},
  year={2003},
  publisher={Elsevier}
}

@book{bruna1998analisi,
  title={An{\`a}lisi real},
  author={Bruna, Joaquim},
  volume={26},
  year={1998},
  publisher={Univ. Aut{\`o}noma de Barcelona}
}

@article{majda2002vorticity,
  title={Vorticity and incompressible flow. {C}ambridge texts in applied mathematics},
  author={Majda, Andrew J and Bertozzi, Andrea L and Ogawa, A},
  journal={Appl. Mech. Rev.},
  volume={55},
  number={4},
  pages={B77--B78},
  year={2002}
}

@article{rogers2011calculus,
  title={The calculus of several variables},
  author={Rogers, Robert C},
  journal={Online [http://www. math. nagoya-u. ac. jp/\~{} richard/teaching/s2016/Ref2. pdf]},
  year={2011}
}

@misc{clayinstitute,
author = {Clay Mathematics Institute},
title = {Navier-{S}tokes Equation},
year = {2021 [consultat 22-05-2021]}, 
howpublished = "\url{http://www.claymath.org/millennium-problems/navier%E2%80%93stokes-equation}"}
